@misc{WDBusinessEnterprise,
  title = {Business Enterprise. Research in programming Wikidata [Kommercheskie Organizacii]} // Russian Wikiversity,
  year = {2017},
  howpublished = {\url{https://ru.wikiversity.org/wiki/%D0%9F%D1%80%D0%BE%D0%B3%D1%80%D0%B0%D0%BC%D0%BC%D0%B8%D1%80%D0%BE%D0%B2%D0%B0%D0%BD%D0%B8%D0%B5_%D0%92%D0%B8%D0%BA%D0%B8%D0%B4%D0%B0%D0%BD%D0%BD%D1%8B%D1%85/%D0%9A%D0%BE%D0%BC%D0%BC%D0%B5%D1%80%D1%87%D0%B5%D1%81%D0%BA%D0%B8%D0%B5_%D0%BE%D1%80%D0%B3%D0%B0%D0%BD%D0%B8%D0%B7%D0%B0%D1%86%D0%B8%D0%B8}},
  note = {Accessed 06 June 2017}
}

@misc{egrul,
	title = {Access to EGRUL},
	year = {2017},
	howpublished = {\url{https://www.nalog.ru/rn77/service/egrip2}},
	note = {Accessed 06 June 2017}
}